<record><leader>00000cas a2200000 a 4500</leader><controlfield tag="001">71211077</controlfield><controlfield tag="006">m     o  d        </controlfield><controlfield tag="007">cr anu||||||||</controlfield><controlfield tag="008">060830d18811892gauwr nso     0    0eng c</controlfield><datafield ind1=" " ind2=" " tag="010"><subfield code="a">  2008266860</subfield></datafield><datafield ind1=" " ind2=" " tag="040"><subfield code="a">APSON</subfield><subfield code="b">eng</subfield><subfield code="c">APSON</subfield><subfield code="d">APSON</subfield><subfield code="d">GUA</subfield><subfield code="d">DLC</subfield><subfield code="d">OCLCQ</subfield><subfield code="d">OCLCF</subfield><subfield code="d">OCLCQ</subfield></datafield><datafield ind1=" " ind2=" " tag="042"><subfield code="a">pcc</subfield></datafield><datafield ind1=" " ind2=" " tag="043"><subfield code="a">n-us---</subfield></datafield><datafield ind1="1" ind2="4" tag="050"><subfield code="a">BX6201</subfield></datafield><datafield ind1="0" ind2=" " tag="130"><subfield code="a">Christian index and southern Baptist (Online)</subfield></datafield><datafield ind1="1" ind2="4" tag="245"><subfield code="a">The Christian index and southern Baptist.</subfield></datafield><datafield ind1="1" ind2="7" tag="246"><subfield code="a">Christian index and southwestern Baptist</subfield><subfield code="f">&lt;Mar. 23, 1882&gt;-Dec. 21, 1882</subfield></datafield><datafield ind1="1" ind2="7" tag="246"><subfield code="a">Christian index</subfield><subfield code="f">Jan. 4, 1883-</subfield></datafield><datafield ind1="1" ind2=" " tag="246"><subfield code="i">Some providers list issues under title:</subfield><subfield code="a">Christian index (1831-1899), Philadelphia</subfield></datafield><datafield ind1=" " ind2=" " tag="260"><subfield code="a">Atlanta, Ga. :</subfield><subfield code="b">[Franklin Steam Print. House]</subfield></datafield><datafield ind1=" " ind2=" " tag="310"><subfield code="a">Weekly</subfield></datafield><datafield ind1=" " ind2=" " tag="336"><subfield code="a">text</subfield><subfield code="b">txt</subfield><subfield code="2">rdacontent</subfield></datafield><datafield ind1=" " ind2=" " tag="337"><subfield code="a">computer</subfield><subfield code="b">c</subfield><subfield code="2">rdamedia</subfield></datafield><datafield ind1=" " ind2=" " tag="338"><subfield code="a">online resource</subfield><subfield code="b">cr</subfield><subfield code="2">rdacarrier</subfield></datafield><datafield ind1="1" ind2=" " tag="362"><subfield code="a">Print began with v. 59, no. 4 (Jan. 27, 1881); ceased with v. 69, no. 17 (Apr. 28, 1892).</subfield></datafield><datafield ind1=" " ind2=" " tag="530"><subfield code="a">Also issued in print and on microfilm.</subfield></datafield><datafield ind1=" " ind2=" " tag="538"><subfield code="a">Mode of access: World Wide Web.</subfield></datafield><datafield ind1=" " ind2=" " tag="588"><subfield code="a">Description based on: Vol. 60, no. 12 (Mar. 23, 1882); title from pdf caption (ProQuest APS Online, viewed Oct. 2, 2008).</subfield></datafield><datafield ind1=" " ind2=" " tag="588"><subfield code="a">Latest issue consulted: Vol. 65, no. 48 (Dec. 8, 1887), viewed Oct. 2, 2008.</subfield></datafield><datafield ind1=" " ind2="0" tag="650"><subfield code="a">Baptists</subfield><subfield code="z">United States</subfield><subfield code="v">Newspapers.</subfield></datafield><datafield ind1=" " ind2="7" tag="650"><subfield code="a">Baptists.</subfield><subfield code="2">fast</subfield><subfield code="0">(OCoLC)fst00827285</subfield></datafield><datafield ind1=" " ind2="7" tag="651"><subfield code="a">United States.</subfield><subfield code="2">fast</subfield><subfield code="0">(OCoLC)fst01204155</subfield></datafield><datafield ind1=" " ind2="7" tag="655"><subfield code="a">Newspapers.</subfield><subfield code="2">fast</subfield><subfield code="0">(OCoLC)fst01423814</subfield></datafield><datafield ind1=" " ind2=" " tag="752"><subfield code="a">United States</subfield><subfield code="b">Georgia</subfield><subfield code="c">Fulton</subfield><subfield code="d">Atlanta.</subfield></datafield><datafield ind1="1" ind2=" " tag="776"><subfield code="t">Christian index and southern Baptist</subfield><subfield code="x">2157-832X</subfield><subfield code="w">(DLC)  2001233949</subfield><subfield code="w">(OCoLC)7309328</subfield></datafield><datafield ind1="0" ind2="0" tag="780"><subfield code="t">Christian index (Atlanta, Ga. : 1872 : Online)</subfield></datafield><datafield ind1="0" ind2="0" tag="785"><subfield code="t">Christian index (Atlanta, Ga. : 1892 : Online)</subfield><subfield code="w">(DLC)  2008266861</subfield><subfield code="w">(OCoLC)71211248</subfield></datafield><datafield ind1="4" ind2="0" tag="856"><subfield code="u">http://gateway.proquest.com/openurl?url_ver=Z39.88-2004&amp;res_dat=xri:pqd::hnp&amp;rft_val_fmt=info:ofi/fmt:kev:mtx:journal&amp;rft_dat=xri:pqd:PMID=41752</subfield></datafield></record>